@article{ferlay2010estimates,
  title={Estimates of worldwide burden of cancer in 2008: GLOBOCAN 2008},
  author={Ferlay, Jacques and Shin, Hai-Rim and Bray, Freddie and Forman, David and Mathers, Colin and Parkin, Donald Maxwell},
  journal={International journal of cancer},
  volume={127},
  number={12},
  pages={2893--2917},
  year={2010},
  publisher={Wiley Online Library},
  doi={10.1002/ijc.25516}
}

@article{weinreb2016pi,
  title={PI-RADS prostate imaging--reporting and data system: 2015, version 2},
  author={Weinreb, Jeffrey C and Barentsz, Jelle O and Choyke, Peter L and Cornud, Francois and Haider, Masoom A and Macura, Katarzyna J and Margolis, Daniel and Schnall, Mitchell D and Shtern, Faina and Tempany, Clare M and others},
  journal={European urology},
  volume={69},
  number={1},
  pages={16--40},
  year={2016},
  publisher={Elsevier}
}

@article{lemaitre2015computer,
  title={Computer-Aided Detection and diagnosis for prostate cancer based on mono and multi-parametric MRI: A review},
  author={Lema{\^\i}tre, Guillaume and Mart{\'\i}, Robert and Freixenet, Jordi and Vilanova, Joan C and Walker, Paul M and Meriaudeau, Fabrice},
  journal={Computers in biology and medicine},
  volume={60},
  pages={8--31},
  year={2015},
  publisher={Elsevier},
  doi={10.1016/j.compbiomed.2015.02.009}
}

@article{verma2012overview,
  title={Overview of dynamic contrast-enhanced MRI in prostate cancer diagnosis and management},
  author={Verma, Sadhna and Turkbey, Baris and Muradyan, Naira and Rajesh, Arumugam and Cornud, Francois and Haider, Masoom A and Choyke, Peter L and Harisinghani, Mukesh},
  journal={American Journal of Roentgenology},
  volume={198},
  number={6},
  pages={1277--1288},
  year={2012},
  publisher={Am Roentgen Ray Soc},
  doi={10.2214/AJR.12.8510}
}

@article{brix1991pharmacokinetic,
  title={Pharmacokinetic parameters in CNS Gd-DTPA enhanced MR imaging.},
  author={Brix, Gunnar and Semmler, Wolfhard and Port, R{\"u}diger and Schad, Lothar R and Layer, G{\"u}nter and Lorenz, Walter J},
  journal={Journal of computer assisted tomography},
  volume={15},
  number={4},
  pages={621--628},
  year={1991},
  publisher={LWW}
}

@article{tofts1995quantitative,
  title={Quantitative Analysis of Dynamic Gd-DTPA Enhancement in Breast Tumors Using a Permeability Model},
  author={Tofts, Paul S and Berkowitz, Bruce and Schnall, Mitchell D},
  journal={Magnetic Resonance in Medicine},
  volume={33},
  number={4},
  pages={564--568},
  year={1995},
  publisher={Wiley Online Library},
  doi={10.1002/mrm.1910330416}
}

@article{heilmann2006determination,
  title={Determination of pharmacokinetic parameters in DCE MRI: consequence of nonlinearity between contrast agent concentration and signal intensity},
  author={Heilmann, Melanie and Kiessling, Fabian and Enderlin, Marta and Schad, Lothar R},
  journal={Investigative radiology},
  volume={41},
  number={6},
  pages={536--543},
  year={2006},
  publisher={LWW},
  doi={10.1097/01.rli.0000209607.99200.53}
}

@article{gliozzi2011phenomenological,
  title={Phenomenological universalities: a novel tool for the analysis of dynamic contrast enhancement in magnetic resonance imaging},
  author={Gliozzi, AS and Mazzetti, S and Delsanto, Pier Paolo and Regge, D and Stasi, M},
  journal={Physics in medicine and biology},
  volume={56},
  number={3},
  pages={573},
  year={2011},
  publisher={IOP Publishing}
}

@article{huisman2001accurate,
  title={Accurate estimation of pharmacokinetic contrast-enhanced dynamic MRI parameters of the prostate},
  author={Huisman, Henkjan J and Engelbrecht, Marc R and Barentsz, Jelle O},
  journal={Journal of Magnetic Resonance Imaging},
  volume={13},
  number={4},
  pages={607--614},
  year={2001},
  publisher={Wiley Online Library},
  doi={10.1002/jmri.1085}
}

@article{giannini2015fully,
  title={A fully automatic computer aided diagnosis system for peripheral zone prostate cancer detection using multi-parametric magnetic resonance imaging},
  author={Giannini, Valentina and Mazzetti, Simone and Vignati, Anna and Russo, Filippo and Bollito, Enrico and Porpiglia, Francesco and Stasi, Michele and Regge, Daniele},
  journal={Computerized Medical Imaging and Graphics},
  volume={46},
  pages={219--226},
  year={2015},
  publisher={Elsevier},
  doi={10.1016/j.compmedimag.2015.09.001}
}

@article{hoffmann1995pharmacokinetic,
  title={Pharmacokinetic mapping of the breast: a new method for dynamic MR mammography},
  author={Hoffmann, Ulf and Brix, Gunnar and Knopp, Michael V and He$\beta$, Thomas and Lorenz, Walter J},
  journal={Magnetic resonance in medicine},
  volume={33},
  number={4},
  pages={506--514},
  year={1995},
  publisher={Wiley Online Library},
  doi={10.1002/mrm.1910330408}
}

@article{meng2010comparison,
  title={Comparison between population average and experimentally measured arterial input function in predicting biopsy results in prostate cancer},
  author={Meng, Ran and Chang, Silvia D and Jones, Edward C and Goldenberg, S Larry and Kozlowski, Piotr},
  journal={Academic radiology},
  volume={17},
  number={4},
  pages={520--525},
  year={2010},
  publisher={Elsevier},
  doi={10.1016/j.acra.2009.11.006}
}

@article{fennessy2015quantitative,
  title={Quantitative pharmacokinetic analysis of prostate cancer DCE-MRI at 3T: comparison of two arterial input functions on cancer detection with digitized whole mount histopathological validation},
  author={Fennessy, Fiona M and Fedorov, Andriy and Penzkofer, Tobias and Kim, Kyung Won and Hirsch, Michelle S and Vangel, Mark G and Masry, Paul and Flood, Trevor A and Chang, Ming-Ching and Tempany, Clare M and others},
  journal={Magnetic resonance imaging},
  volume={33},
  number={7},
  pages={886--894},
  year={2015},
  publisher={Elsevier},
  doi={10.1016/j.mri.2015.02.008}
}

@inproceedings{chen2008automatic,
  title={Automatic determination of arterial input function for dynamic contrast enhanced MRI in tumor assessment},
  author={Chen, Jeremy and Yao, Jianhua and Thomasson, David},
  booktitle={International Conference on Medical Image Computing and Computer-Assisted Intervention},
  pages={594--601},
  year={2008},
  organization={Springer},
  doi={10.1007/978-3-540-85988-8_71}
}

@inproceedings{zhu2011automated,
  title={Automated determination of arterial input function for DCE-MRI of the prostate},
  author={Zhu, Yingxuan and Chang, Ming-Ching and Gupta, Sandeep},
  booktitle={SPIE Medical Imaging},
  pages={79630W--79630W},
  year={2011},
  organization={International Society for Optics and Photonics},
  doi={10.1117/12.878213}
}

@inproceedings{shanbhag2012generalized,
  title={A generalized methodology for detection of vascular input function with dynamic contrast enhanced perfusion data},
  author={Shanbhag, D and Gupta, Sandeep N and Rajamani, K and Zhu, Yingxuan and Mullick, Rakesh},
  booktitle={ISMRM},
  volume={12},
  pages={10},
  year={2012}
}

@article{schabel2008uncertainty,
  title={Uncertainty and bias in contrast concentration measurements using spoiled gradient echo pulse sequences},
  author={Schabel, Matthias C and Parker, Dennis L},
  journal={Physics in medicine and biology},
  volume={53},
  number={9},
  pages={2345},
  year={2008},
  publisher={IOP Publishing},
  doi={10.1088/0031-9155/53/9/010}
}
